@article{apsq,
    title = "Allpix$^2$: A modular simulation framework for silicon detectors",
    journal = "Nucl. Instr. Meth. A",
    volume = "901",
    pages = "164 - 172",
    year = "2018",
    issn = "0168-9002",
    doi = "10.1016/j.nima.2018.06.020",
    author = "S. Spannagel and others",
    Archiveprefix            = {arXiv},
    Eprint                   = {1806.05813},
    keywords = "Simulation, Silicon detectors, Geant4, TCAD, Drift–diffusion"
}
@online{ap2-repo,
    title = {The \apsq Project Repository},
    author = {},
    url = {https://gitlab.cern.ch/allpix-squared/allpix-squared/},
    year = {2017},
    month = aug,
    day = {2}
}
@online{ap2-issue-tracker,
    title = {The \apsq Project Issue Tracker},
    author = {},
    url = {https://gitlab.cern.ch/allpix-squared/allpix-squared/issues},
    year = {2017},
    month = jul,
    day = {27}
}
@online{ap2-forum,
    title = {The \apsq Project Forum},
    author = {},
    url = {https://cern.ch/allpix-squared-forum},
    year = {2018},
    month = dec,
    day = {12}
}
@online{ap2-container-registry,
    title = {The \apsq Docker Container Registry},
    author = {Simon Spannagel},
    url = {https://gitlab.cern.ch/allpix-squared/allpix-squared/container_registry},
    year = {2018},
    month = mar,
    day = {12}
}
@online{ap2-doxygen,
    title = {The \apsq Code Documentation},
    author = {Daniel Hynds and Simon Spannagel and Koen Wolters},
    url = {https://cern.ch/allpix-squared/reference/},
    year = {2017},
    month = aug,
    day = {22}
}
@online{ap2-external-modules,
    title = {CMake for External \apsq Modules Repository},
    author = {},
    url = {https://gitlab.cern.ch/allpix-squared/external-modules/},
    year = {2019},
    month = sep,
    day = {20}
}
@online{ap1wiki,
    title = {The AllPix Simulation Framework},
    author = {Mathieu Benoit and John Idarraga},
    url = {https://twiki.cern.ch/twiki/bin/view/Main/AllPix},
    year = {2017},
    month = mar,
    day = {21}
}
@online{rce,
    title = {ATLAS RCE Development Lab},
    author = {Rainer Bartholdus and Su Dong and others},
    url = {https://twiki.cern.ch/twiki/bin/view/Atlas/RCEDevelopmentLab}
}
@online{eutelescope,
    title = {The EUTelescope Analysis Framework},
    author = {{The EUTelescope Developers}},
    url = {https://eutelescope.github.io/}
}
@online{proteus,
    title = {The Proteus Testbeam Reconstruction Framework},
    author = {{The Proteus Developers}},
    url = {https://gitlab.cern.ch/proteus/proteus}
}
@online{markdown,
    title = {Markdown},
    author = {John Gruber and Aaron Swartz},
    url = {https://daringfireball.net/projects/markdown/}
}
@online{ap1git,
    title = {AllPix},
    subtitle = {Generic simulation for pixel detectors},
    author = {Mathieu Benoit and John Idarraga and Samir Arfaoui},
    url = {https://github.com/ALLPix/allpix},
    publisher = {GitHub},
    journal = {GitHub repository},
    commit = {386b35f00b9c77852b468b83b329c16b0388586d}
}
@InProceedings{lcio,
  Title                    = {LCIO: A persistency framework and event data model for HEP},
  Author                   = {Aplin, S. and Engels, J. and Gaede, F. and Graf, N.A. and Johnson, T. and McCormick, J.},
  Booktitle                = {Nuclear Science Symposium and Medical Imaging Conference (NSS/MIC), IEEE},
  Year                     = {2012},

  Address                  = {Anaheim, CA},
  Month                    = {Oct},
  Pages                    = {2075-2079},

  Doi                      = {10.1109/NSSMIC.2012.6551478},
  ISSN                     = {1082-3654},
  Keywords                 = {high energy physics instrumentation computing;API;CLiC physics;HEP;ILC physics;LCIO;abstract programming interface;binary format;data compression;data formats;detector response simulation;heavy photon search collaboration;lightweight;multiple test-beam collaboration;muon collider;next linear collider physics;programming languages;random event access;software packages}
}
@article{geant4,
    title = "Geant4 - a simulation toolkit",
    journal = "Nucl. Instr. Meth. A",
    volume = "506",
    number = "3",
    pages = "250 - 303",
    year = "2003",
    issn = "0168-9002",
    doi = "10.1016/S0168-9002(03)01368-8",
    author = "S. Agostinelli and J. Allison and K. Amako and J. Apostolakis and H. Araujo and P. Arce and M. Asai and D. Axen and S. Banerjee and G. Barrand and F. Behner and L. Bellagamba and J. Boudreau and L. Broglia and A. Brunengo and H. Burkhardt and S. Chauvie and J. Chuma and R. Chytracek and G. Cooperman and G. Cosmo and P. Degtyarenko and A. Dell'Acqua and G. Depaola and D. Dietrich and R. Enami and A. Feliciello and C. Ferguson and H. Fesefeldt and G. Folger and F. Foppiano and A. Forti and S. Garelli and S. Giani and R. Giannitrapani and D. Gibin and J.J. Gómez Cadenas and I. González and G. Gracia Abril and G. Greeniaus and W. Greiner and V. Grichine and A. Grossheim and S. Guatelli and P. Gumplinger and R. Hamatsu and K. Hashimoto and H. Hasui and A. Heikkinen and A. Howard and V. Ivanchenko and A. Johnson and F.W. Jones and J. Kallenbach and N. Kanaya and M. Kawabata and Y. Kawabata and M. Kawaguti and S. Kelner and P. Kent and A. Kimura and T. Kodama and R. Kokoulin and M. Kossov and H. Kurashige and E. Lamanna and T. Lampén and V. Lara and V. Lefebure and F. Lei and M. Liendl and W. Lockman and F. Longo and S. Magni and M. Maire and E. Medernach and K. Minamimoto and P. Mora de Freitas and Y. Morita and K. Murakami and M. Nagamatu and R. Nartallo and P. Nieminen and T. Nishimura and K. Ohtsubo and M. Okamura and S. O'Neale and Y. Oohata and K. Paech and J. Perl and A. Pfeiffer and M.G. Pia and F. Ranjard and A. Rybin and S. Sadilov and E. Di Salvo and G. Santin and T. Sasaki and N. Savvas and Y. Sawada and S. Scherer and S. Sei and V. Sirotenko and D. Smith and N. Starkov and H. Stoecker and J. Sulkimo and M. Takahata and S. Tanaka and E. Tcherniaev and E. Safai Tehrani and M. Tropeano and P. Truscott and H. Uno and L. Urban and P. Urban and M. Verderi and A. Walkden and W. Wander and H. Weber and J.P. Wellisch and T. Wenaus and D.C. Williams and D. Wright and T. Yamada and H. Yoshida and D. Zschiesche",
}
@online{g4physicslists,
    author = {{Geant4 Collaboration}},
    title = {Geant4 Physics Lists},
    url = {https://geant4-userdoc.web.cern.ch/UsersGuides/PhysicsListGuide/html/index.html}
}
@online{g4particles,
    author = {{Geant4 Collaboration}},
    title = {Geant4 Particles},
    url = {http://geant4-userdoc.web.cern.ch/geant4-userdoc/UsersGuides/ForApplicationDeveloper/html/TrackingAndPhysics/particle.html}
}
@online{g4materials,
    author = {{Geant4 Collaboration}},
    title = {Geant4 Material Database},
    url = {https://geant4-userdoc.web.cern.ch/UsersGuides/ForApplicationDeveloper/html/Appendix/materialNames.html}
}
@online{gdml,
    author = {{GDML Authors}},
    title = {Geometry Description Markup Language (GDML)},
    url = {https://gdml.web.cern.ch/GDML/}
}
@online{g4gps,
    author = {{Geant4 Collaboration}},
    title = {Geant4 GPS},
    url = {http://geant4-userdoc.web.cern.ch/geant4-userdoc/UsersGuides/ForApplicationDeveloper/html/GettingStarted/generalParticleSource.html}
}
@online{g4drivers,
    author = {{Geant4 Collaboration}},
    title = {Geant4 Visualization Drivers},
    url = {https://geant4-userdoc.web.cern.ch/UsersGuides/ForApplicationDeveloper/html/Visualization/visdrivers.html}
}
@article{g4radioactive,
author={S. Hauf and M. Kuster and M. Batič and Z. W. Bell and D. H. H. Hoffmann and P. M. Lang and S. Neff and M. G. Pia and G. Weidenspointner and A. Zoglauer},
journal={IEEE Transactions on Nuclear Science},
title={Radioactive Decays in Geant4},
year={2013},
volume={60},
number={4},
pages={2966-2983},
keywords={Monte Carlo methods;physics computing;radioactive decay schemes;ENSDF database;Geant4;Monte Carlo systems;radioactive decay package;Atomic measurements;Libraries;Monte Carlo methods;Physics;Radioactive decay;Software;Unified modeling language;ENSDF;Geant4;Monte-Carlo Simulation;radioactive decay;validation},
doi={10.1109/TNS.2013.2270894},
ISSN={0018-9499},
month={Aug},
}
@inproceedings{root,
    author = "Rene Brun and Fons Rademakers",
    title = "ROOT - An Object Oriented Data Analysis Framework",
    booktitle = "AIHENP'96 Workshop, Lausanne",
    journal = "Nucl. Inst. & Meth. in Phys.",
    year = "1996",
    month = sep,
    volume = "389",
    pages = "81-86",
    howpublished = {http://root.cern.ch/},
}
@online{rootformula,
  author = "The ROOT authors",
  title = "ROOT TFormula Class Reference",
  url = "https://root.cern.ch/doc/master/classTFormula.html",
  year = 2013
}
@online{eigen3,
    author = {Ga\"{e}l Guennebaud and Beno\^{i}t Jacob and others},
    title = {Eigen v3},
    url = {http://eigen.tuxfamily.org},
    year = {2010}
}
@online{boostrandom,
    author = {Jens Maurer and Steven Watanabe},
    title = {The Boost Random Number Library},
    url = {https://www.boost.org/doc/libs/1_75_0/doc/html/boost_random/reference.html},
    year = {2000}
}
@article{swartz2003cms,
  title={CMS pixel simulations},
  author={Swartz, Morris},
  journal={Nucl. Instr. Meth. A},
  volume={511},
  number={1},
  pages={88--91},
  year={2003},
  publisher={Elsevier}
}
@article{jacoboni,
   author = {{Jacoboni}, C. and {Canali}, C. and {Ottaviani}, G. and {Alberigi Quaranta}, A.},
    title = "{A review of some charge transport properties of silicon}",
  journal = {Solid State Electronics},
 keywords = {Carrier Mobility, Charge Carriers, Drift Rate, Electron Diffusion, Silicon, Transport Properties, Diffusion Coefficient, Electric Fields, Electron Mobility, Holes (Electron Deficiencies), Impurities, Solid State Devices},
     year = 1977,
    month = feb,
   volume = 20,
    pages = {77-89},
      doi = {10.1016/0038-1101(77)90054-5}
}
@article{canali,
  author={Canali, C. and Majni, G. and Minder, R. and Ottaviani, G.},
  journal={IEEE Trans. Elec. Dev.},
  title={Electron and hole drift velocity measurements in silicon and their empirical relation to electric field and temperature},
  year={1975},
  volume={22},
  number={11},
  pages={1045-1047},
  doi={10.1109/T-ED.1975.18267}
}
@article{hamburg,
  title = {Measurement of the drift velocities of electrons and holes in high-ohmic $\left<100\right>$ silicon},
  journal = "Nucl. Instr. Meth. A",
  volume = {799},
  pages = {81-89},
  year = {2015},
  issn = {0168-9002},
  doi = {https://doi.org/10.1016/j.nima.2015.07.057},
  url = {https://www.sciencedirect.com/science/article/pii/S0168900215008955},
  author = {C. Scharf and R. Klanner},
}
@article{masetti,
  author={Masetti, G. and Severi, M. and Solmi, S.},
  journal={IEEE Trans. Elec. Dev.},
  title={Modeling of carrier mobility against carrier concentration in arsenic-, phosphorus-, and boron-doped silicon},
  year={1983},
  volume={30},
  number={7},
  pages={764-769},
  doi={10.1109/T-ED.1983.21207}
}
@article{arora,
  author={Arora, N.D. and Hauser, J.R. and Roulston, D.J.},
  journal={IEEE Trans. Elec. Dev.},
  title={Electron and hole mobilities in silicon as a function of concentration and temperature},
  year={1982},
  volume={29},
  number={2},
  pages={292-295},
  doi={10.1109/T-ED.1982.20698}
}
@article{shockley-read,
  title = {Statistics of the Recombinations of Holes and Electrons},
  author = {Shockley, W. and Read, W. T.},
  journal = {Phys. Rev.},
  volume = {87},
  issue = {5},
  pages = {835--842},
  numpages = {0},
  year = {1952},
  month = {Sep},
  doi = {10.1103/PhysRev.87.835},
  url = {https://link.aps.org/doi/10.1103/PhysRev.87.835}
}
@article{hall,
  author={Hall, R.N.},
  journal={Phys. Rev.},
  title={Germanium rectifier characteristics},
  year={1951},
  volume={81},
  number={1},
  pages={228}
}

@techreport{pixelav,
  title={A detailed simulation of the CMS pixel sensor},
  author={Swartz, Morris},
  year={2002},
  url = {https://cds.cern.ch/record/687440}
}

@online{tomlgit,
    title = {TOML},
    subtitle = {Tom's Obvious, Minimal Language},
    author = {Tom Preston-Werner},
    url = {https://github.com/toml-lang/toml},
    publisher = {Github},
    journal = {Github repository},
    commit = {e5d623ecdc26327699157381bde3ccd6ed8c67de}
}
@online{eulerangles,
    author   = {Weisstein, Eric W.},
    title    = {Euler Angles},
    subtitle = {From MathWorld -- A Wolfram Web Resource},
    url      = {http://mathworld.wolfram.com/EulerAngles.html}
}
@online{cppfilesystem,
    author = {Beman Dawes},
    title  = {Adopt the File System TS for {\CPP}17},
    url    = {http://www.open-std.org/jtc1/sc22/wg21/docs/papers/2016/p0218r0.html},
    year   = {2016},
    month  = feb
}
@online{cppcompilersupport,
    author = {C++~Reference},
    title  = {Compiler support for {\CPP}17},
    url    = {https://en.cppreference.com/w/cpp/compiler_support/17},
    year   = {2021},
    month  = may
}

@article{timepix,
    title = "Timepix, a 65k programmable pixel readout chip for arrival time, energy and/or photon counting measurements",
    journal = "Nucl. Instr. Meth. A",
    volume = "581",
    number = "1",
    pages = "485 - 494",
    year = "2007",
    note = "VCI 2007",
    issn = "0168-9002",
    doi = "10.1016/j.nima.2007.08.079",
    author = "X. Llopart and R. Ballabriga and M. Campbell and L. Tlustos and W. Wong",
    keywords = "Pixel",
    keywords = "Photon counting",
    keywords = "CMOS",
    keywords = "Arrival time",
    keywords = "Medipix",
    keywords = "Micro-pattern gas detectors"
}
@online{geant4vis,
    author = {{Geant4 Collaboration}},
    title = {Geant4 User's Guide for Application Developers},
    subtitle = {Visualization},
    year = {2016},
    url = {https://geant4.web.cern.ch/geant4/UserDocumentation/UsersGuides/ForApplicationDeveloper/html/ch08.html}
}
@online{roottree,
    title = {ROOT User's Guide},
    subtitle = {Trees},
    author = {Rene Brun and Fons Rademakers},
    url = {https://root.cern.ch/root/htmldoc/guides/users-guide/Trees.html}
}
@online{roottref,
    title = {ROOT User's Guide},
    subtitle = {Input/Output},
    author = {Rene Brun and Fons Rademakers},
    url = {https://root.cern.ch/root/htmldoc/guides/users-guide/InputOutput.html}
}
@online{linuxld,
    title = {Linux Programmer's Manual},
    subtitle = {ld.so, ld-linux.so - dynamic linker/loader},
    author = {Michael Kerrisk},
    url = {http://man7.org/linux/man-pages/man8/ld.so.8.html}
}
@online{rootinstallation,
    author = {Rene Brun and Fons Rademakers},
    title = {Building ROOT},
    url = {https://root.cern.ch/building-root}
}
@online{geant4installation,
    author = {{Geant4 Collaboration}},
    title = {Geant4 Installation Guide},
    subtitle = {Building and Installing Geant4 for Users and Developers},
    year = {2016},
    url = {http://geant4.web.cern.ch/geant4/UserDocumentation/UsersGuides/InstallationGuide/html/}
}
@online{pandoc,
    author = {John MacFarlane},
    title = {Pandoc},
    subtitle = {A universal document converter},
    url = {http://pandoc.org/}
}
@online{pdg,
    author = {L. Garren and F. Krauss and C.-J. Lin and S. Navas and P. Richardson and T. Sj\"ostrand},
    title = {Monte Carlo Particle Numbering Scheme},
    year = 2015,
    url = {http://hepdata.cedar.ac.uk/lbl/2016/reviews/rpp2016-rev-monte-carlo-numbering.pdf}
}
@INPROCEEDINGS{octree,
    author={J. Behley and V. Steinhage and A. B. Cremers},
    booktitle={2015 IEEE International Conference on Robotics and Automation (ICRA)},
    title={Efficient radius neighbor search in three-dimensional point clouds},
    year={2015},
    pages={3625-3630},
    doi={10.1109/ICRA.2015.7139702},
    ISSN={1050-4729},
    month={May},
}
@article{eos,
  author={A. J. Peters and L. Janyst},
  title={Exabyte Scale Storage at CERN},
  journal={Journal of Physics: Conference Series},
  volume={331},
  number={5},
  pages={052015},
  url={http://stacks.iop.org/1742-6596/331/i=5/a=052015},
  year={2011},
  doi = {10.1088/1742-6596/331/5/052015},
 }

@techreport{fehlberg,
  title={Low-order classical Runge-Kutta formulas with stepsize control and their application to some heat transfer problems},
  author={Fehlberg, Erwin},
  year={1969},
  url={https://ntrs.nasa.gov/search.jsp?R=19690021375},
  Number={NASA-TR-R-315 },
  Type={NASA Technical Report},
  note={\url{http://hdl.handle.net/2060/19690021375}}
}

@article{pai,
      author         = "Apostolakis, J. and Giani, S. and Urban, L. and Maire, M.
                        and Bagulya, A. V. and Grishin, V. M.",
      title          = "{An implementation of ionisation energy loss in very thin
                        absorbers for the GEANT4 simulation package}",
      journal        = "Nucl. Instrum. Meth.",
      volume         = "A453",
      year           = "2000",
      pages          = "597-605",
      doi            = "10.1016/S0168-9002(00)00457-5",
}

@InProceedings{cvmfs,
  Title                    = {{CVMFS - a file system for the CernVM virtual appliance}},
  Author                   = {C. Aguado Sanchez and others},
  Booktitle                = {{ XII Advanced Computing and Analysis Techniques in Physics Research (ACAT08)}},
  Year                     = {2008},
  Pages                    = {052},
  Volume                   = {ACAT08},

  Journal                  = {PoS},
  Slaccitation             = {%%CITATION = POSCI,ICHEP2010,002;%%}
}
@article{fano,
  title = {Scattering by ionization and phonon emission in semiconductors},
  author = {Alig, R. C. and Bloom, S. and Struck, C. W.},
  journal = {Phys. Rev. B},
  volume = {22},
  issue = {12},
  pages = {5565--5582},
  numpages = {0},
  year = {1980},
  month = {Dec},
  publisher = {American Physical Society},
  doi = {10.1103/PhysRevB.22.5565},
}
@article{chargecreation,
  title = {Average Triton Energy Deposited in Silicon per Electron-Hole Pair Produced},
  author = {Smithrick, John J. and Myers, Ira T.},
  journal = {Phys. Rev. B},
  volume = {1},
  issue = {7},
  pages = {2945--2948},
  numpages = {0},
  year = {1970},
  month = {Apr},
  publisher = {American Physical Society},
  doi = {10.1103/PhysRevB.1.2945},
}
@article{planecondenser,
  title = "Point charge potential and weighting field of a pixel or pad in a plane condenser",
  journal = "Nucl. Inst. Meth.",
  volume = "767",
  pages = "267 - 270",
  year = "2014",
  issn = "0168-9002",
  doi = "10.1016/j.nima.2014.08.044",
  author = "W. Riegler and G. Aglieri Rinella",
  keywords = "Signals, Weighting fields, Pixel detectors, Micropattern detectors"
}

@Article{shockley,
  Title                    = {Currents to Conductors Induced by a Moving Point Charge},
  Author                   = {Shockley, W.},
  Journal                  = {J. Appl. Phys.},
  Year                     = {1938},
  Number                   = {10},
  Pages                    = {635-636},
  Volume                   = {9},
  Doi                      = {10.1063/1.1710367},
}

@Article{ramo,
  Title                    = {Currents Induced by Electron Motion},
  Author                   = {Ramo, Simon},
  Journal                  = {Proc. IRE},
  Year                     = {1939},

  Month                    = {Sept},
  Number                   = {9},
  Pages                    = {584-585},
  Volume                   = {27},

  Doi                      = {10.1109/JRPROC.1939.228757},
  ISSN                     = {0096-8390},
}
@article{fossum-lee,
  title   = "A physical model for the dependence of carrier lifetime on doping density in nondegenerate silicon",
  journal = "Solid-State Electronics",
  volume  = "25",
  number  = "8",
  pages   = "741 - 747",
  year    = "1982",
  issn    = "0038-1101",
  doi     = "https://doi.org/10.1016/0038-1101(82)90203-9",
  url     = "http://www.sciencedirect.com/science/article/pii/0038110182902039",
  author  = "J.G. Fossum and D.S. Lee",
}

@article{fossum,
  title = "Computer-aided numerical analysis of silicon solar cells",
  journal = "Solid-State Electronics",
  volume = "19",
  number = "4",
  pages = "269 - 277",
  year = "1976",
  issn = "0038-1101",
  doi = "https://doi.org/10.1016/0038-1101(76)90022-8",
  url = "http://www.sciencedirect.com/science/article/pii/0038110176900228",
  author = "Jerry G. Fossum",
}

@article{haug,
  title = "Auger coefficients for highly doped and highly excited semiconductors",
  journal = "Solid State Communications",
  volume = "28",
  number = "3",
  pages = "291 - 293",
  year = "1978",
  issn = "0038-1098",
  doi = "https://doi.org/10.1016/0038-1098(78)90646-4",
  url = "http://www.sciencedirect.com/science/article/pii/0038109878906464",
  author = "A. {Haug}",
}

@article{kerr,
	author = {Kerr, Mark and Cuevas, Andres},
	year = {2002},
	month = {02},
	pages = {},
	title = {General parametrization of Auger Recombination in crystalline silicon},
	volume = {91},
	journal = {Journal of Applied Physics - J APPL PHYS},
	doi = {10.1063/1.1432476}
}

@article{dziewior,
  author = {Dziewior,J.  and Schmid,W. },
  title = {Auger coefficients for highly doped and highly excited silicon},
  journal = {Applied Physics Letters},
  volume = {31},
  number = {5},
  pages = {346-348},
  year = {1977},
  doi = {10.1063/1.89694},
  URL = {https://doi.org/10.1063/1.89694},
}

@INPROCEEDINGS{kleczek,
  author={R. {Kleczek} and P. {Grybos} and R. {Szczygiel}},
  booktitle={2015 22nd International Conference Mixed Design of Integrated Circuits   Systems (MIXDES)},
  title={Charge sensitive amplifier for nanoseconds pulse processing time in CMOS 40 nm technology},
  year={2015},
  volume={},
  number={},
  pages={292-296},
}

@inbook{binkley,
publisher = {John Wiley \& Sons, Ltd},
isbn = {9780470033715},
title = {Index},
booktitle = {Tradeoffs and Optimization in Analog CMOS Design},
chapter = {},
pages = {583-594},
doi = {10.1002/9780470033715},
url = {https://onlinelibrary.wiley.com/doi/abs/10.1002/9780470033715},
eprint = {https://onlinelibrary.wiley.com/doi/pdf/10.1002/9780470033715},
year = {2008}
}

@phdthesis{holmestad,
  author       = {Helga Holmestad},
  title        = {Data analysis, simulations, and reconstruction of antiproton annihilations in a silicon pixel detector},
  school       = {Department of Physics, University of Oslo},
  year         = 2018,
  month        = 10,
  url = {https://inspirehep.net/literature/1813192}
}

@INPROCEEDINGS{cry,
  author={Hagmann, Chris and Lange, David and Wright, Douglas},
  booktitle={2007 IEEE Nuclear Science Symposium Conference Record},
  title={Cosmic-ray shower generator (CRY) for Monte Carlo transport codes},
  year={2007},
  volume={2},
  number={},
  pages={1143-1146},
  doi={10.1109/NSSMIC.2007.4437209}
}

@online{cryphysics,
    author = {Chris Hagmann and David Lange and Doug Wright},
    title = {Monte Carlo Simulation of Proton-induced Cosmic-ray Cascades in the Atmosphere},
    subtitle = {UCRL-TM-229452},
    url = {https://nuclear.llnl.gov/simulation/doc_cry_v1.7/cry_physics.pdf}
}

@online{crymanual,
    author = {Chris Hagmann and David Lange and Jerome Verbeke and Doug Wright},
    title = {Cosmic-ray Shower Library (CRY)},
    subtitle = {UCRL-TM-229453},
    url = {https://nuclear.llnl.gov/simulation/doc_cry_v1.7/cry.pdf}
}

@misc{niel,
  title={The NIEL scaling hypothesis applied to neutron spectra of irradiation facilities and in the ATLAS and CMS SCT},
  author={Vasilescu, Angela},
  howpublished={ROSE Technical Note: ROSE/TN/97-2},
  year={1997}
}

@article{kramberger,
title = {Effective trapping time of electrons and holes in different silicon materials irradiated with neutrons, protons and pions},
journal = {Nuclear Instruments and Methods in Physics Research Section A: Accelerators, Spectrometers, Detectors and Associated Equipment},
volume = {481},
number = {1},
pages = {297-305},
year = {2002},
issn = {0168-9002},
doi = {https://doi.org/10.1016/S0168-9002(01)01263-3},
url = {https://www.sciencedirect.com/science/article/pii/S0168900201012633},
author = {G Kramberger and V Cindro and I Mandić and M Mikuž and M Zavrtanik}
}

@article{dortmundTrapping,
author = {Krasel, Olaf and Gossling, C. and Klingenberg, Reiner and Rajek, Silke and Wunstorf, Renate},
year = {2005},
month = {01},
pages = {3055 - 3062},
title = {Measurement of trapping time constants in proton-irradiated silicon pad detectors},
volume = {1},
journal = {Nuclear Science, IEEE Transactions on},
doi = {10.1109/TNS.2004.839096}
}

@article{CMSTrackerTrapping,
	doi = {10.1088/1748-0221/11/04/p04023},
	url = {https://doi.org/10.1088/1748-0221/11/04/p04023},
	year = 2016,
	month = {apr},
	publisher = {{IOP} Publishing},
	volume = {11},
	number = {04},
	pages = {P04023--P04023},
	author = {W. Adam, et al},
	title = {Trapping in proton irradiated p+-n-n+ silicon sensors at fluences anticipated at the {HL}-{LHC} outer tracker},
	journal = {Journal of Instrumentation}
}

@article{Mandic,
	doi = {10.1088/1748-0221/15/11/p11018},
	url = {https://doi.org/10.1088/1748-0221/15/11/p11018},
	year = 2020,
	month = {nov},
	publisher = {{IOP} Publishing},
	volume = {15},
	number = {11},
	pages = {P11018--P11018},
	author = {I. Mandi{\'{c}} and V. Cindro and A. Gori{\v{s}}ek and B. Hiti and G. Kramberger and M. Miku{\v{z}} and M. Zavrtanik and P. Skomina and S. Hidalgo and G. Pellegrini},
	title = {Measurements with silicon detectors at extreme neutron fluences},
	journal = {Journal of Instrumentation}
}
@online{weightfield2,
    title = {Weightfield2: a freeware 2D simulator for silicon and diamond detector},
    author = {{The Weightfield2 developers}},
    url = {http://personalpages.to.infn.it/~cartigli/Weightfield2/index.html}
}
